@online{slurmoverview,
    title   = {SLURM Overview},
    url     = {https://slurm.schedmd.com/overview.html},
    urldate = {2025-02-25}
}

@online{slurmauth,
    title   = {SLURM Authentication Guide},
    url     = {https://slurm.schedmd.com/authentication.html},
    urldate = {2025-02-26}
}

@online{slurmnetwork,
    title   = {SLURM Network Configuration Guide},
    url     = {https://slurm.schedmd.com/network.html},
    urldate = {2025-02-28}
}

@online{slurmfederation,
    title   = {SLURM Federation Guide},
    url     = {https://slurm.schedmd.com/federation.html},
    urldate = {2025-02-28}
}

@online{slurmconstres,
    title   = {SLURM Consumable Resources Guide},
    url     = {https://slurm.schedmd.com/cons_tres.html},
    urldate = {2025-02-26}
}

@online{slurmcpucore,
    title   = {SLURM Multi-core/Multi-thread Support},
    url     = {https://slurm.schedmd.com/mc_support.html},
    urldate = {2025-02-26}
}

@online{slurmgres,
    title   = {SLURM Generic Resources Support},
    url     = {https://slurm.schedmd.com/gres.html},
    urldate = {2025-02-26}
}

@online{jobschedwiki,
    title   = {Job Scheduler (Wikipedia)},
    url     = {https://en.wikipedia.org/wiki/Job_scheduler},
    urldate = {2025-02-25}
}

@online{slurmqos,
    title   = {SLURM Quality of Service Guide},
    url     = {https://slurm.schedmd.com/qos.html},
    urldate = {2025-02-27}
}

@online{slurmmultifactor,
    title   = {SLURM Priority Multifactor Guide},
    url     = {https://slurm.schedmd.com/priority_multifactor.html},
    urldate = {2025-02-27}
}

@online{slurmlimits,
    title   = {SLURM Resource Limits Guide},
    url     = {https://slurm.schedmd.com/resource_limits.html},
    urldate = {2025-02-27}
}

@online{slurmaccounting,
    title   = {SLURM Accounting Guide},
    url     = {https://slurm.schedmd.com/accounting.html},
    urldate = {2025-03-02}
}

@online{slurmpreemption,
    title   = {SLURM Preemption Guide},
    url     = {https://slurm.schedmd.com/preempt.html},
    urldate = {2025-03-06}
}

@online{slurmgang,
    title   = {SLURM Gang Scheduling Guide},
    url     = {https://slurm.schedmd.com/gang_scheduling.html},
    urldate = {2025-03-06}
}

@online{vagrantwiki,
    title   = {Vagrant (Wikipedia)},
    url     = {https://it.wikipedia.org/wiki/Vagrant_(software)},
    urldate = {2025-02-21}
}

@online{ansibledoc,
    title   = {Ansible Documentation},
    url     = {https://docs.ansible.com/},
    urldate = {2025-02-22}
}

@online{hpcwikipedia,
    title   = {High Performance Computing (Wikipedia)},
    url     = {https://it.wikipedia.org/wiki/High_performance_computing},
    urldate = {2025-02-20}
}

@online{virtualizationwiki,
    title   = {Virtualization (Wikipedia)},
    url     = {https://en.wikipedia.org/wiki/Virtualization},
    urldate = {2025-02-21}
}

@online{provisioningwiki,
    title   = {Provisioning (Wikipedia)},
    url     = {https://en.wikipedia.org/wiki/Provisioning_(technology)},
    urldate = {2025-02-22}
}

@online{ansiblewiki,
    title   = {Ansible (Wikipedia)},
    url     = {https://en.wikipedia.org/wiki/Ansible_(software)},
    urldate = {2025-02-22}
}

@online{iacwiki,
    title   = {Infrastructure as Code (Wikipedia)},
    url     = {https://en.wikipedia.org/wiki/Infrastructure_as_code},
    urldate = {2025-02-23}
}

@online{dbwiki,
    title   = {Database (Wikipedia)},
    url     = {https://en.wikipedia.org/wiki/Database},
    urldate = {2025-02-24}
}

@online{mariadbwiki,
    title   = {MariaDB (Wikipedia)},
    url     = {https://en.wikipedia.org/wiki/MariaDB},
    urldate = {2025-02-24}
}

@online{dnswiki,
    title   = {Domain Name System (Wikipedia)},
    url     = {https://en.wikipedia.org/wiki/Domain_Name_System},
    urldate = {2025-02-23}
}

@online{dhcpwiki,
    title   = {Dynamic Host Configuration Protocol (Wikipedia)},
    url     = {https://en.wikipedia.org/wiki/Dynamic_Host_Configuration_Protocol},
    urldate = {2025-02-23}
}

@online{dnsmasqwiki,
    title   = {Dnsmasq (Wikipedia)},
    url     = {https://en.wikipedia.org/wiki/Dnsmasq},
    urldate = {2025-02-24}
}

@online{linkedclone,
    title   = {Vagrant Linked Clones},
    url     = {https://developer.hashicorp.com/vagrant/docs/providers/virtualbox/configuration#linked-clones},
    urldate = {2025-03-01}
}

@online{clonetypes,
    title   = {Cloning VMs},
    url     = {https://itgaiden.com/2019-02-25-cloning-vms-in-vsphere-part-1/},
    urldate = {2025-03-01}
}

@online{mungedoc,
    title   = {MUNGE Documentation},
    url     = {https://github.com/dun/munge/wiki},
    urldate = {2025-02-25}
}